@article{Grossmann1987,
title = "Depth from focus",
journal = "Pattern Recognition Letters",
volume = "5",
number = "1",
pages = "63 - 69",
year = "1987",
note = "",
issn = "0167-8655",
doi = "10.1016/0167-8655(87)90026-2",
url = "http://www.sciencedirect.com/science/article/pii/0167865587900262",
author = "P. Grossmann",
keywords = "Depth map",
keywords = "blur"
}

@MISC{mobileRobot,
    author = {Illah R. Nourbakhsh and David Andre and Carlo Tomasi and Michael R. Genesereth},
    title = {Mobile Robot Obstacle Avoidance Via Depth From Focus},
    year = {1997}
}

@INPROCEEDINGS{pyramid, 
author={Darrell, T. and Wohn, K.}, 
booktitle={Computer Vision and Pattern Recognition, 1988. Proceedings CVPR '88., Computer Society Conference on}, 
title={Pyramid based depth from focus}, 
year={1988}, 
month={jun}, 
volume={}, 
number={}, 
pages={504 -509}, 
keywords={Gaussian pyramids;Laplacian pyramids;computational geometry;computer vision;depth recovery;high spatial frequency content;low pass-filter;pipelined image processor;scene sharpness;computational geometry;computer vision;}, 
doi={10.1109/CVPR.1988.196282}, 
ISSN={},}

@incollection {allfocus,
   author = {Antunes, Mark and Trachtenberg, Michael and Thomas, Gabriel and Shoa, Tina},
   affiliation = {Department of Electrical and Computer Engineering at the University of Manitoba, Winnipeg, Manitoba R3T 5V6},
   title = {All-in-Focus Imaging Using a Series of Images on Different Focal Planes},
   booktitle = {Image Analysis and Recognition},
   series = {Lecture Notes in Computer Science},
   editor = {Kamel, Mohamed and Campilho, Aurélio},
   publisher = {Springer Berlin / Heidelberg},
   isbn = {978-3-540-29069-8},
   keyword = {Computer Science},
   pages = {174-181},
   volume = {3656},
   url = {http://dx.doi.org/10.1007/11559573_22},
   note = {10.1007/11559573_22},
   year = {2005}
}

@article{flexibleDoF, 
author = {Sujit Kuthirummal and Hajime Nagahara and Changyin Zhou and Shree K. Nayar},
title = {Flexible Depth of Field Photography},
journal ={IEEE Transactions on Pattern Analysis and Machine Intelligence},
volume = {33},
issn = {0162-8828},
year = {2011},
pages = {58-71},
doi = {http://doi.ieeecomputersociety.org/10.1109/TPAMI.2010.66},
publisher = {IEEE Computer Society},
address = {Los Alamitos, CA, USA},
}

@ARTICLE{Subbarao94depthfrom,
    author = {Murali Subbarao and Gopal Surya},
    title = {Depth from Defocus: A Spatial Domain Approach},
    journal = {International Journal of Computer Vision},
    year = {1994},
    volume = {13},
    pages = {271--294}
}